<bibtex>
%variable importance methods


@article{statPractice2007,
  title={Estimators of relative importance in linear regression based on variance decomposition},
  author={Gr{\"o}mping, Ulrike},
  journal={The American Statistician},
  volume={61},
  number={2},
  pages={139--147},
  year={2007}
}


%R2 in Random intercept models
@article{nakagawa2013,
  title={A general and simple method for obtaining $R^2$ from generalized linear mixed-effects models},
  author={Nakagawa, Shinichi and Schielzeth, Holger},
  journal={Methods in ecology and evolution},
  volume={4},
  number={2},
  pages={133--142},
  year={2013},
  publisher={Wiley Online Library}
}


%cite riktig
@misc{JuliesBachelor,
  title={Relative variable importance in linear models},
  author={Berg, Julie},
  note = {Bachelor thesis NTNU},
  month={12},
  year={2019}
}
%variable importance methods 2
@article{gromping2015,
  title={Variable importance in regression models},
  author={Groemping, Ulrike},
  journal={Wiley Interdisciplinary Reviews: Computational Statistics},
  volume={7},
  number={2},
  pages={137--152},
  year={2015}
}

%LMG
@book{lindeman1980introduction,
  title={Introduction to bivariate and multivariate analysis},
  author={Lindeman, Richard Harold and Merenda, Peter Francis and Gold, Ruth Z.},
  year={1980},
  publisher = {Scott, Foresman},
  address = {Glenview, IL}
}

%OWLS
@article{roulin2007nestling,
  title={Nestling barn owls beg more intensely in the presence of their mother than in the presence of their father},
  author={Roulin, Alexandre and Bersier, Louis-Felix},
  journal={Animal Behaviour},
  volume={74},
  number={4},
  pages={1099--1106},
  year={2007},
  publisher={Elsevier}
}

lisher={Sage Publications, Inc}
}

%income data
@Book{income_data,
title = { The panel study of income dynamics : a user's guide },
author = { Hill, Martha S },
publisher = { Newbury Park, Calif. : Sage Publications },
year = { 1992 },
volume={2},
type = { Book },
isbn = { 0803946090 (cl) },
subjects = { Income distribution -- Research; Household surveys; Sampling (Statistics); Personal income Distribution },
language = { English },
contents = { Machine derived contents note: Introduction -- Study Design -- Field Procedures -- Data Preparation -- Data Quality -- Content -- Data Files -- Data Analysis -- Getting Started }}


% random intercept models R
@article{LMM_R,
    title = {Fitting Linear Mixed-Effects Models Using {lme4}},
    author = {Douglas Bates and Martin M{\"a}chler and Ben Bolker and Steve Walker},
    journal = {Journal of Statistical Software},
    year = {2015},
    volume = {67},
    number = {1},
    pages = {1--48},
    doi = {10.18637/jss.v067.i01},
  }



@article{liu2014relative,
author = {Liu, Yan and Zumbo, Bruno and Wu, Amery},
year = {2014},
month = {08},
pages = {2-22},
title = {Relative Importance of Predictors in Multilevel Modeling},
volume = {13},
journal = {Journal of modern applied statistical methods: JMASM}
}

@article{KruskalWilliam1989CoRI,
issn = {0003-1305},
journal = {The American statistician},
pages = {2},
volume = {43},
number = {1},
year = {1989},
title = {Concepts of Relative Importance in Recent Scientific Literature},
language = {eng},
author = {Kruskal, William and Majors, Ruth},
}


@inproceedings{pratt1987dividing,
  title={Dividing the indivisible: Using simple symmetry to partition variance explained},
  author={Pratt, John W},
  booktitle={Proceedings of the second international Tampere conference in statistics, 1987},
  pages={245--260},
  year={1987},
  organization={Department of Mathematical Sciences, University of Tampere}
}


@article{canccado2018determining,
  title={Determining Predictor Importance in Multilevel Models for Longitudinal Data: An Extension of Dominance Analysis},
  author={Can{\c{c}}ado, Luciana Pacheco},
  year={2018},
  journal={Theses and Dissertations. 1978}
}

@Manual{psid,
title = {faraway: Functions and Datasets for Books by Julian Faraway},
author = {Julian Faraway},
year = {2016},
note = {R package version 1.0.7}
}

@article{Azen2003,
  doi = {10.1037/1082-989X.8.2.129},
  url = {http://doi.apa.org/getdoi.cfm?doi=10.1037/1082-989X.8.2.129},
  author = {Azen, Razia and Budescu, David V.},
  title = {The dominance analysis approach for comparing predictors in multiple regression.},
  journal = {Psychological Methods},
  volume = {8},
  issue = {2},
  pages = {129-148},
  publisher = {American Psychological Association (APA)},
  year = {2003}
}


@article{feldman2005relative,
  title={Relative importance and value},
  author={Feldman, Barry E},
  journal={https://ssrn.com/abstract=2255827},
  year={2005}
}

@book{efron1994introduction,
  title={An Introduction to the Bootstrap},
  author={Efron, B. and Tibshirani, R.J.},
  isbn={9780412042317},
  lccn={93004489},
  series={Chapman \& Hall/CRC Monographs on Statistics \& Applied Probability},
  url={https://books.google.no/books?id=gLlpIUxRntoC},
  year={1994},
  publisher={Taylor \& Francis}
}

@article{schmutz2017correlates,
  title={Correlates of preschool childrenâ€™s objectively measured physical activity and sedentary behavior: a cross-sectional analysis of the SPLASHY study},
  author={Schmutz, Einat A and Leeger-Aschmann, Claudia S and Radtke, Thomas and Muff, Stefanie and Kakebeeke, Tanja H and Zysset, Annina E and Messerli-B{\"u}rgy, Nadine and St{\"u}lb, Kerstin and Arhab, Amar and Meyer, Andrea H and others},
  journal={International Journal of Behavioral Nutrition and Physical Activity},
  volume={14},
  number={1},
  pages={1},
  year={2017},
  publisher={Springer}
}

</bibtex>
